<?xml version="1.0" encoding="utf-8"?>
<record xmlns="http://www.loc.gov/MARC21/slim" xmlns:xsi="http://www.w3.org/2001/XMLSchema-instance" xsi:schemaLocation="http://www.loc.gov/MARC21/slim http://www.loc.gov/standards/marcxml/schema/MARC21slim.xsd">
	<leader>     nam a22     Mi 4500</leader>
	<controlfield tag="001">b12929918</controlfield>
	<controlfield tag="003">LeBAU</controlfield>
	<controlfield tag="006">m        d        </controlfield>
	<controlfield tag="007">cr cn |||m|||a</controlfield>
	<controlfield tag="008">190920s1928    ua      o     ||0 0 ara d</controlfield>
	<datafield ind1=" " ind2=" " tag="040">
		<subfield code="a">ZYU</subfield>
		<subfield code="b">ara</subfield>
		<subfield code="e">rda</subfield>
		<subfield code="c">ZYU</subfield>
	</datafield>
	<datafield ind1="0" ind2="4" tag="082">
		<subfield code="a">297.2084</subfield>
		<subfield code="2">20</subfield>
	</datafield>
	<datafield ind1="1" ind2=" " tag="100">
		<subfield code="6">880-01</subfield>
		<subfield code="a">ʻUkbarī, ʻAbd Allāh ibn al-Ḥusayn,</subfield>
		<subfield code="d">1143 or 1144-1219,</subfield>
		<subfield code="e">author.</subfield>
	</datafield>
	<datafield ind1="1" ind2="0" tag="245">
		<subfield code="6">880-02</subfield>
		<subfield code="a">Imlāʼ mā manna bihi al-Raḥmān min wujūh al-iʻrāb wa-al-qirāʼāt fī jamīʻ al-Qurʼān /</subfield>
		<subfield code="c">ta’līf al-imām al-shahīr wa-al-ʻallāmah al-naḥrīr Muḥibb al-Dīn Abī al-Baqāʼ ʻAbd Allāh ibn al-Ḥusayn ibn ʻAbd Allāh al-ʻUkbarī. Wa-bi-hāmishihi Unmūdhaj jalīl fī bayān asʼilah wa-ajwibah min gharāʼib āyy al-tanzīl wa-hiya tanūf kamā qāla mu’allifuhā ʻalá alf wa-mi’atay sū’āl mansūjah ʻalá aḥkam minwāl min biḥār ʻulūm malik ʻulamā’ al-tafsīr wa-imām arbāb al-taḥqīq wa-al-taḥrīr zayn al-millah wa-al-dīn wa-ḥujjat al-Islām wa-al-Muslīmīn al-ʻallāmah Muḥammad ibn Abī Bakr ibn ʻAbd al-Qādir al-Rāzī.</subfield>
	</datafield>
	<datafield ind1=" " ind2="1" tag="264">
		<subfield code="6">880-03</subfield>
		<subfield code="a">Miṣr :</subfield>
		<subfield code="b">Maṭbaʻat al-Taqaddum al-ʻIlmīyah,</subfield>
		<subfield code="c">1347 H., [1928? M.]</subfield>
	</datafield>
	<datafield ind1=" " ind2=" " tag="300">
		<subfield code="6">880-04</subfield>
		<subfield code="a">online resource (1 volume (162, 168, 2, 2 pages))</subfield>
	</datafield>
	<datafield ind1=" " ind2=" " tag="336">
		<subfield code="a">text</subfield>
		<subfield code="2">rdacontent</subfield>
	</datafield>
	<datafield ind1=" " ind2=" " tag="337">
		<subfield code="a">computer</subfield>
		<subfield code="2">rdamedia</subfield>
	</datafield>
	<datafield ind1=" " ind2=" " tag="338">
		<subfield code="a">online resource</subfield>
		<subfield code="2">rdacarrier</subfield>
	</datafield>
	<datafield ind1=" " ind2=" " tag="500">
		<subfield code="a">Part of the Arabic Collections Online (ACO) project, contributed by American University of Beirut's Jafet Memorial Library.</subfield>
	</datafield>
	<datafield ind1=" " ind2=" " tag="533">
		<subfield code="a">Electronic reproduction.</subfield>
		<subfield code="b">New York, N.Y. :</subfield>
		<subfield code="c">New York University,</subfield>
		<subfield code="d">2019.</subfield>
		<subfield code="5">NNU</subfield>
	</datafield>
	<datafield ind1="0" ind2="0" tag="630">
		<subfield code="6">880-05</subfield>
		<subfield code="a">Qurʼan</subfield>
		<subfield code="x">Language, style</subfield>
		<subfield code="v">Early works to 1800.</subfield>
	</datafield>
	<datafield ind1="0" ind2="0" tag="630">
		<subfield code="6">880-06</subfield>
		<subfield code="a">Qurʼan</subfield>
		<subfield code="x">Readings</subfield>
		<subfield code="v">Early works to 1800.</subfield>
	</datafield>
	<datafield ind1=" " ind2="0" tag="650">
		<subfield code="6">880-07</subfield>
		<subfield code="a">Arabic language</subfield>
		<subfield code="x">Inflection.</subfield>
	</datafield>
	<datafield ind1="1" ind2="2" tag="700">
		<subfield code="6">880-08</subfield>
		<subfield code="a">Rāzī, Muḥammad ibn Abī Bakr,</subfield>
		<subfield code="d">active 1261.</subfield>
		<subfield code="t">Unmūdhaj jalīl fī bayān asʼilah wa-ajwibah min gharāʼib āyy al-tanzīl.</subfield>
	</datafield>
	<datafield ind1="2" ind2=" " tag="710">
		<subfield code="a">Jafet Memorial Library.</subfield>
	</datafield>
	<datafield ind1="0" ind2=" " tag="730">
		<subfield code="a">Arabic Collections Online.</subfield>
	</datafield>
	<datafield ind1="0" ind2="8" tag="775">
		<subfield code="6">880-09</subfield>
		<subfield code="i">has designation of edition</subfield>
		<subfield code="4">http://rdaregistry.info/Elements/m/P30133 :</subfield>
		<subfield code="t">Imlāʼ mā manna bihi al-Raḥmān min wujūh al-iʻrāb wa-al-qarāʼāt fī jamīʻ al-Qurʼān.</subfield>
		<subfield code="d">Miṣr : al-Maṭbaʻah al-Maymanīyah, 1306 H., [1888? M.]</subfield>
		<subfield code="w">(OCoLC)784291264</subfield>
		<subfield code="w">(OCoLC)784291264</subfield>
	</datafield>
	<datafield ind1="0" ind2="8" tag="775">
		<subfield code="6">880-10</subfield>
		<subfield code="i">has designation of edition</subfield>
		<subfield code="4">http://rdaregistry.info/Elements/m/P30133 :</subfield>
		<subfield code="t">Imlāʼ mā manna bihi al-Raḥmān min wujūh al-iʻrāb wa-al-qarāʼāt fī jamīʻ al-Qurʼān.</subfield>
		<subfield code="d">Miṣr : al-Maṭbaʻah al-Maymanīyah, 1321 H., [1903? M.]</subfield>
		<subfield code="w">b21076017</subfield>
	</datafield>
	<datafield ind1="0" ind2="8" tag="776">
		<subfield code="i">Print version:</subfield>
		<subfield code="a">ʻUkbarī, ʻAbd Allāh ibn al-Ḥusayn, 1143 or 1144-1219, author.</subfield>
		<subfield code="t">Imlāʼ mā manna bihi al-Raḥmān min wujūh al-iʻrāb wa-al-qirāʼāt fī jamīʻ al-Qurʼān</subfield>
		<subfield code="w">(LeBAU)b12929918</subfield>
	</datafield>
	<datafield ind1="4" ind2="0" tag="856">
		<subfield code="u">http://hdl.handle.net/2333.1/v41ns9jj</subfield>
	</datafield>
	<datafield ind1="1" ind2=" " tag="880">
		<subfield code="6">100-01</subfield>
		<subfield code="a">العكبري، عبد الله بن الحسين،</subfield>
		<subfield code="d">1143 او 1144-1219،</subfield>
		<subfield code="e">مؤلف.</subfield>
		<subfield code="4">aut.</subfield>
	</datafield>
	<datafield ind1="1" ind2="0" tag="880">
		<subfield code="6">245-02</subfield>
		<subfield code="a">إملاء ما من به الرحمن من وجوه الإعراب والقراآت في جميع القرآن /</subfield>
		<subfield code="c">تأليف الإمام الشهير والعلامة النحرير محب الدين أبي البقاء عبد الله إبن الحسين بن عبد الله العكبرى. وبهامشه أنموذج جليل في بيان أسئلة وأجوبة من غرائب آي التنزيل وهي تنوف كما قال مؤلفها على ألف ومائتى سؤال منسوجة على أحكم منوال من بحار علوم ملك علماء التفسير وإمام أرباب التحقيق والتحرير زين الملة والدين وحجة الإسلام والمسلمين العلامة محمد بن أبي بكر بن عبد القادر الرازي.</subfield>
	</datafield>
	<datafield ind1=" " ind2="1" tag="880">
		<subfield code="6">264-03</subfield>
		<subfield code="a">مصر :</subfield>
		<subfield code="b">مطبعة التقدم العلمية،</subfield>
		<subfield code="c">1347 هـ.، [1928؟ م.]</subfield>
	</datafield>
	<datafield ind1=" " ind2=" " tag="880">
		<subfield code="6">300-04</subfield>
		<subfield code="a">1 جزء (162، 168، 2، 2 صفحة)</subfield>
		<subfield code="c">28 سم</subfield>
	</datafield>
	<datafield ind1=" " ind2=" " tag="880">
		<subfield code="6">500-00</subfield>
		<subfield code="a">2 جزء ببليوغرافي في 1 جزء مادي.</subfield>
	</datafield>
	<datafield ind1="0" ind2="4" tag="880">
		<subfield code="6">630-05</subfield>
		<subfield code="a">قرآن</subfield>
		<subfield code="x">الاسلوب اللغوي</subfield>
		<subfield code="v">اعمال قديمة حتى 1800.</subfield>
	</datafield>
	<datafield ind1="0" ind2="4" tag="880">
		<subfield code="6">630-06</subfield>
		<subfield code="a">قرآن</subfield>
		<subfield code="x">قراءة</subfield>
		<subfield code="v">اعمال قديمة حتى 1800.</subfield>
	</datafield>
	<datafield ind1=" " ind2="4" tag="880">
		<subfield code="6">650-07</subfield>
		<subfield code="a">اللغة العربية</subfield>
		<subfield code="x">التصريف.</subfield>
	</datafield>
	<datafield ind1="1" ind2="2" tag="880">
		<subfield code="6">700-08</subfield>
		<subfield code="a">الرازي، محمد بن أبي بكر،</subfield>
		<subfield code="d">اشتهر في العام 1261.</subfield>
		<subfield code="t">أنموذج جليل في بيان أسئلة وأجوبة من غرائب آي التنزيل.</subfield>
	</datafield>
	<datafield ind1="0" ind2="8" tag="880">
		<subfield code="6">775-09</subfield>
		<subfield code="i">دلالة على الطبعة</subfield>
		<subfield code="4">http://rdaregistry.info/Elements/m/P30133 :</subfield>
		<subfield code="t">إملاء ما من به الرحمن من وجوه الإعراب والقراآت في جميع القرآن.</subfield>
		<subfield code="d">مصر : المطبعة الميمنية، 1306 هـ.، [1888؟ م.]</subfield>
		<subfield code="w">b12380155</subfield>
		<subfield code="w">(OCoLC)784291264</subfield>
	</datafield>
	<datafield ind1="0" ind2="8" tag="880">
		<subfield code="6">775-10</subfield>
		<subfield code="i">دلالة على الطبعة</subfield>
		<subfield code="4">http://rdaregistry.info/Elements/m/P30133 :</subfield>
		<subfield code="t">إملاء ما من به الرحمن من وجوه الإعراب والقراآت في جميع القرآن.</subfield>
		<subfield code="d">مصر : المطبعة الميمنية، 1321 هـ.، [1903؟ م.]</subfield>
		<subfield code="w">b21076017</subfield>
	</datafield>
	<datafield ind1=" " ind2=" " tag="959">
		<subfield code="a">NNU</subfield>
		<subfield code="b">WEB</subfield>
		<subfield code="c">GENI</subfield>
		<subfield code="t">0</subfield>
		<subfield code="m">Electronic access</subfield>
		<subfield code="s">01</subfield>
	</datafield>
	<datafield ind1=" " ind2=" " tag="999">
		<subfield code="i">LeBAU_b12929918</subfield>
		<subfield code="s">aub_aco002982:v.1-2</subfield>
		<subfield code="e">(ERROR-MISC)</subfield>
		<subfield code="s">aub_aco002982:v.1-2</subfield>
	</datafield>
</record>
